<record><leader>00000cas a22000007a 4500</leader><controlfield tag="001">10797775</controlfield><controlfield tag="008">840601d19011901mtuwr ne      0    0eng d</controlfield><controlfield tag="009">4661</controlfield><datafield ind1=" " ind2=" " tag="010"><subfield code="a">sn 84036077 </subfield></datafield><datafield ind1=" " ind2=" " tag="040"><subfield code="a">MTL</subfield><subfield code="b">eng</subfield><subfield code="c">MTL</subfield><subfield code="d">OCLCQ</subfield></datafield><datafield ind1=" " ind2=" " tag="042"><subfield code="a">msc</subfield></datafield><datafield ind1="0" ind2="4" tag="245"><subfield code="a">The Townsend forum and Townsend messenger.</subfield></datafield><datafield ind1=" " ind2=" " tag="260"><subfield code="a">Townsend, Mont. :</subfield><subfield code="b">Hubbard &amp; Allen,</subfield><subfield code="c">1901.</subfield></datafield><datafield ind1=" " ind2=" " tag="300"><subfield code="a">2 v. :</subfield><subfield code="b">ill. ;</subfield><subfield code="c">60 cm.</subfield></datafield><datafield ind1=" " ind2=" " tag="310"><subfield code="a">Weekly</subfield></datafield><datafield ind1="0" ind2=" " tag="362"><subfield code="a">Vol. 1, no. 38 (Jan. 16, 1901)-v. 2, no. 13 (July 25, 1901).</subfield></datafield><datafield ind1=" " ind2=" " tag="500"><subfield code="a">"A Republican newspaper."</subfield></datafield><datafield ind1=" " ind2=" " tag="752"><subfield code="a">United States</subfield><subfield code="b">Montana</subfield><subfield code="c">Broadwater</subfield><subfield code="d">Townsend.</subfield></datafield><datafield ind1="0" ind2="4" tag="780"><subfield code="t">Townsend forum</subfield><subfield code="w">(DLC)sn 84036076</subfield></datafield><datafield ind1="0" ind2="4" tag="780"><subfield code="t">Townsend messenger</subfield><subfield code="w">(DLC)sn 84036075</subfield></datafield><datafield ind1="0" ind2="4" tag="785"><subfield code="t">Townsend star</subfield><subfield code="w">(DLC)sn 86075288</subfield></datafield></record>